@ARTICLE{DUMMY:1,
    AUTHOR="Mohammad Hadi Yousofi, Habib Yousofi, Sayyed Amir Mohammad Razavi",
    TITLE="Utilizing automatic recognition and classification of images
for pattern recognition",
    JOURNAL="International Journal of Intelligent Information Systems",
    YEAR="2014",
}