
@MISC{WEBSITE:1,
	HOWPUBLISHED = "\url{http://evpatori.ge/languages/25732-Historical-Background-Of-Neural-Networks-Information-Technology-Essay/?do=cats&cat_id=102}",
	AUTHOR = "Christos Stergiou ",
	TITLE = "Research Paper-Neural Networks",
	MONTH = "April",
	YEAR = "2019",
	NOTE = "ANN"
}